@article{ovcharenko2025crossmodalerrordetectiontables,
    title={Towards Cross-Modal Error Detection with Tables and Images}, 
    author={Olga Ovcharenko and Sebastian Schelter},
    year={2025},
    journal={DataWorld Workshop at ICML},
    url={https://arxiv.org/abs/2510.12383}, 
}

@article{grafberger2025mlidea,
author = {Grafberger, Stefan and Groth, Paul and Schelter, Sebastian},
title = {mlidea: Interactively Improving ML Data Preparation Code via "Shadow Pipelines"},
year = {2025},
issue_date = {August 2025},
publisher = {VLDB Endowment},
volume = {18},
number = {12},
issn = {2150-8097},
url = {https://doi.org/10.14778/3750601.3750671},
doi = {10.14778/3750601.3750671},
journal = {Proc. VLDB Endow.},
pages = {5359â€“5362},
numpages = {4}
}